<record><leader>00000cas a22000007a 4500</leader><controlfield tag="001">10134550</controlfield><controlfield tag="008">831116d1983200uksuwr ne      0   a0eng d</controlfield><datafield ind1=" " ind2=" " tag="010"><subfield code="a">sn 83003547 </subfield></datafield><datafield ind1=" " ind2=" " tag="040"><subfield code="a">NSD</subfield><subfield code="b">eng</subfield><subfield code="c">NSD</subfield><subfield code="d">NPT</subfield><subfield code="d">NSD</subfield><subfield code="d">OCLCQ</subfield></datafield><datafield ind1=" " ind2=" " tag="012"><subfield code="m">d</subfield></datafield><datafield ind1="1" ind2=" " tag="022"><subfield code="a">0746-5750</subfield><subfield code="l">0746-5750</subfield><subfield code="2">1</subfield></datafield><datafield ind1=" " ind2=" " tag="037"><subfield code="b">Courtland Journal-Empire, Courtland, KS 66939</subfield></datafield><datafield ind1=" " ind2=" " tag="042"><subfield code="a">nsdp</subfield></datafield><datafield ind1=" " ind2="4" tag="222"><subfield code="a">The Courtland journal-empire</subfield></datafield><datafield ind1="0" ind2="4" tag="245"><subfield code="a">The Courtland journal-empire.</subfield></datafield><datafield ind1="1" ind2="7" tag="246"><subfield code="a">Courtland journal</subfield></datafield><datafield ind1=" " ind2=" " tag="260"><subfield code="a">Courtland, Kan. :</subfield><subfield code="b">[s.n.],</subfield><subfield code="c">1983-</subfield></datafield><datafield ind1=" " ind2=" " tag="300"><subfield code="a">v. :</subfield><subfield code="b">ill. ;</subfield><subfield code="c">56 cm.</subfield></datafield><datafield ind1=" " ind2=" " tag="310"><subfield code="a">Weekly</subfield></datafield><datafield ind1="0" ind2=" " tag="362"><subfield code="a">Vol. 81, no. 34 (Oct. 20, 1983)-</subfield></datafield><datafield ind1=" " ind2=" " tag="752"><subfield code="a">United States</subfield><subfield code="b">Kansas</subfield><subfield code="c">Republic</subfield><subfield code="d">Courtland.</subfield></datafield><datafield ind1="0" ind2="4" tag="780"><subfield code="t">Courtland journal (Courtland, Kan. : 1915)</subfield><subfield code="w">(DLC)sn 85029632</subfield></datafield><datafield ind1="0" ind2="4" tag="780"><subfield code="t">Prairie Valley empire</subfield><subfield code="w">(DLC)sn 85029546</subfield></datafield><datafield ind1="0" ind2="0" tag="785"><subfield code="t">Courtland journal (Courtland, Kan. : 2003)</subfield></datafield><datafield ind1=" " ind2=" " tag="936"><subfield code="a">Oct. 20, 1983</subfield></datafield><datafield ind1="1" ind2=" " tag="029"><subfield code="a">AU@</subfield><subfield code="b">000020292976</subfield></datafield></record>